%YAML 1.1
%TAG !u! tag:unity3d.com,2011:
--- !u!1 &1132592653
GameObject:
  m_ObjectHideFlags: 0
  m_CorrespondingSourceObject: {fileID: 0}
  m_PrefabInstance: {fileID: 0}
  m_PrefabAsset: {fileID: 0}
  serializedVersion: 6
  m_Component:
  - component: {fileID: 1132592655}
  - component: {fileID: 1132592654}
  m_Layer: 0
  m_Name: GameController
  m_TagString: Untagged
  m_Icon: {fileID: 0}
  m_NavMeshLayer: 0
  m_StaticEditorFlags: 0
  m_IsActive: 1
--- !u!4 &1132592655
Transform:
  m_ObjectHideFlags: 0
  m_CorrespondingSourceObject: {fileID: 0}
  m_PrefabInstance: {fileID: 0}
  m_PrefabAsset: {fileID: 0}
  m_GameObject: {fileID: 1132592653}
  m_LocalRotation: {x: 0, y: 0, z: 0, w: 1}
  m_LocalPosition: {x: 321.3965, y: 546.08093, z: -0.5}
  m_LocalScale: {x: 1, y: 1, z: 1}
  m_Children:
  - {fileID: 427166912}
  - {fileID: 1470233082}
  - {fileID: 918466330}
  m_Father: {fileID: 0}
  m_RootOrder: 0
  m_LocalEulerAnglesHint: {x: 0, y: 0, z: 0}
--- !u!114 &1132592654
MonoBehaviour:
  m_ObjectHideFlags: 0
  m_CorrespondingSourceObject: {fileID: 0}
  m_PrefabInstance: {fileID: 0}
  m_PrefabAsset: {fileID: 0}
  m_GameObject: {fileID: 1132592653}
  m_Enabled: 1
  m_EditorHideFlags: 0
  m_Script: {fileID: 11500000, guid: 5510e3ebac76c2049a0eba36f604a240, type: 3}
  m_Name: 
  m_EditorClassIdentifier: 
  Score: {fileID: 872262024}
  HP: {fileID: 732629200}
  playerPF: {fileID: 866777706254261662, guid: 329ae32c5ed449d4fa668614a92a49d3, type: 3}
  swapnPosition: {fileID: 427166911}
  levelimage: {fileID: 2011801167}
  gameover: {fileID: 1353225941}
  Invincible: {fileID: 379373365947435692}
  leveltext: {fileID: 1261249292}
  levelnum: 1
--- !u!1 &379373365947435692
GameObject:
  m_ObjectHideFlags: 0
  m_CorrespondingSourceObject: {fileID: 0}
  m_PrefabInstance: {fileID: 0}
  m_PrefabAsset: {fileID: 0}
  serializedVersion: 6
  m_Component:
  - component: {fileID: 5329097477044297480}
  - component: {fileID: 3967591843163440229}
  - component: {fileID: 8568930863573052274}
  m_Layer: 5
  m_Name: Invincible
  m_TagString: Untagged
  m_Icon: {fileID: 0}
  m_NavMeshLayer: 0
  m_StaticEditorFlags: 0
  m_IsActive: 0
--- !u!224 &5329097477044297480
RectTransform:
  m_ObjectHideFlags: 0
  m_CorrespondingSourceObject: {fileID: 0}
  m_PrefabInstance: {fileID: 0}
  m_PrefabAsset: {fileID: 0}
  m_GameObject: {fileID: 379373365947435692}
  m_LocalRotation: {x: 0, y: 0, z: 0, w: 1}
  m_LocalPosition: {x: 0, y: 0, z: 0}
  m_LocalScale: {x: 1, y: 1, z: 1}
  m_Children: []
  m_Father: {fileID: 245031604}
  m_RootOrder: 4
  m_LocalEulerAnglesHint: {x: 0, y: 0, z: 0}
  m_AnchorMin: {x: 0.5, y: 0.5}
  m_AnchorMax: {x: 0.5, y: 0.5}
  m_AnchoredPosition: {x: 60.22, y: -0.000037283}
  m_SizeDelta: {x: 39.17, y: 39.86}
  m_Pivot: {x: 0.5, y: 0.5}
--- !u!222 &3967591843163440229
CanvasRenderer:
  m_ObjectHideFlags: 0
  m_CorrespondingSourceObject: {fileID: 0}
  m_PrefabInstance: {fileID: 0}
  m_PrefabAsset: {fileID: 0}
  m_GameObject: {fileID: 379373365947435692}
  m_CullTransparentMesh: 0
--- !u!114 &8568930863573052274
MonoBehaviour:
  m_ObjectHideFlags: 0
  m_CorrespondingSourceObject: {fileID: 0}
  m_PrefabInstance: {fileID: 0}
  m_PrefabAsset: {fileID: 0}
  m_GameObject: {fileID: 379373365947435692}
  m_Enabled: 1
  m_EditorHideFlags: 0
  m_Script: {fileID: -765806418, guid: f70555f144d8491a825f0804e09c671c, type: 3}
  m_Name: 
  m_EditorClassIdentifier: 
  m_Material: {fileID: 0}
  m_Color: {r: 1, g: 1, b: 1, a: 1}
  m_RaycastTarget: 1
  m_OnCullStateChanged:
    m_PersistentCalls:
      m_Calls: []
    m_TypeName: UnityEngine.UI.MaskableGraphic+CullStateChangedEvent, UnityEngine.UI,
      Version=1.0.0.0, Culture=neutral, PublicKeyToken=null
  m_Sprite: {fileID: 21300000, guid: d869830fd39d35541aa337acfe08506a, type: 3}
  m_Type: 0
  m_PreserveAspect: 0
  m_FillCenter: 1
  m_FillMethod: 4
  m_FillAmount: 1
  m_FillClockwise: 1
  m_FillOrigin: 0
  m_UseSpriteMesh: 0
--- !u!1001 &4353704850157849513
PrefabInstance:
  m_ObjectHideFlags: 0
  serializedVersion: 2
  m_Modification:
    m_TransformParent: {fileID: 1132592655}
    m_Modifications:
    - target: {fileID: 4353704850990785712, guid: b59cb584b2beaf547b750c9fd5f4d294,
        type: 3}
      propertyPath: m_Name
      value: mapmanager
      objectReference: {fileID: 0}
    - target: {fileID: 4353704850990785715, guid: b59cb584b2beaf547b750c9fd5f4d294,
        type: 3}
      propertyPath: m_LocalPosition.x
      value: 0
      objectReference: {fileID: 0}
    - target: {fileID: 4353704850990785715, guid: b59cb584b2beaf547b750c9fd5f4d294,
        type: 3}
      propertyPath: m_LocalPosition.y
      value: 0
      objectReference: {fileID: 0}
    - target: {fileID: 4353704850990785715, guid: b59cb584b2beaf547b750c9fd5f4d294,
        type: 3}
      propertyPath: m_LocalPosition.z
      value: 0
      objectReference: {fileID: 0}
    - target: {fileID: 4353704850990785715, guid: b59cb584b2beaf547b750c9fd5f4d294,
        type: 3}
      propertyPath: m_LocalRotation.x
      value: 0
      objectReference: {fileID: 0}
    - target: {fileID: 4353704850990785715, guid: b59cb584b2beaf547b750c9fd5f4d294,
        type: 3}
      propertyPath: m_LocalRotation.y
      value: 0
      objectReference: {fileID: 0}
    - target: {fileID: 4353704850990785715, guid: b59cb584b2beaf547b750c9fd5f4d294,
        type: 3}
      propertyPath: m_LocalRotation.z
      value: 0
      objectReference: {fileID: 0}
    - target: {fileID: 4353704850990785715, guid: b59cb584b2beaf547b750c9fd5f4d294,
        type: 3}
      propertyPath: m_LocalRotation.w
      value: 1
      objectReference: {fileID: 0}
    - target: {fileID: 4353704850990785715, guid: b59cb584b2beaf547b750c9fd5f4d294,
        type: 3}
      propertyPath: m_RootOrder
      value: 2
      objectReference: {fileID: 0}
    - target: {fileID: 4353704850990785715, guid: b59cb584b2beaf547b750c9fd5f4d294,
        type: 3}
      propertyPath: m_LocalEulerAnglesHint.x
      value: 0
      objectReference: {fileID: 0}
    - target: {fileID: 4353704850990785715, guid: b59cb584b2beaf547b750c9fd5f4d294,
        type: 3}
      propertyPath: m_LocalEulerAnglesHint.y
      value: 0
      objectReference: {fileID: 0}
    - target: {fileID: 4353704850990785715, guid: b59cb584b2beaf547b750c9fd5f4d294,
        type: 3}
      propertyPath: m_LocalEulerAnglesHint.z
      value: 0
      objectReference: {fileID: 0}
    m_RemovedComponents: []
  m_SourcePrefab: {fileID: 100100000, guid: b59cb584b2beaf547b750c9fd5f4d294, type: 3}
--- !u!4 &918466330 stripped
Transform:
  m_CorrespondingSourceObject: {fileID: 4353704850990785715, guid: b59cb584b2beaf547b750c9fd5f4d294,
    type: 3}
  m_PrefabInstance: {fileID: 4353704850157849513}
  m_PrefabAsset: {fileID: 0}
--- !u!1001 &6057131067505311922
PrefabInstance:
  m_ObjectHideFlags: 0
  serializedVersion: 2
  m_Modification:
    m_TransformParent: {fileID: 1132592655}
    m_Modifications:
    - target: {fileID: 6057131068820224331, guid: 0288c21137b2ec0478b70703a94fe828,
        type: 3}
      propertyPath: m_Name
      value: Canvas
      objectReference: {fileID: 0}
    - target: {fileID: 6057131068820224328, guid: 0288c21137b2ec0478b70703a94fe828,
        type: 3}
      propertyPath: m_LocalPosition.x
      value: 0
      objectReference: {fileID: 0}
    - target: {fileID: 6057131068820224328, guid: 0288c21137b2ec0478b70703a94fe828,
        type: 3}
      propertyPath: m_LocalPosition.y
      value: 0
      objectReference: {fileID: 0}
    - target: {fileID: 6057131068820224328, guid: 0288c21137b2ec0478b70703a94fe828,
        type: 3}
      propertyPath: m_LocalPosition.z
      value: 0
      objectReference: {fileID: 0}
    - target: {fileID: 6057131068820224328, guid: 0288c21137b2ec0478b70703a94fe828,
        type: 3}
      propertyPath: m_LocalRotation.x
      value: 0
      objectReference: {fileID: 0}
    - target: {fileID: 6057131068820224328, guid: 0288c21137b2ec0478b70703a94fe828,
        type: 3}
      propertyPath: m_LocalRotation.y
      value: 0
      objectReference: {fileID: 0}
    - target: {fileID: 6057131068820224328, guid: 0288c21137b2ec0478b70703a94fe828,
        type: 3}
      propertyPath: m_LocalRotation.z
      value: 0
      objectReference: {fileID: 0}
    - target: {fileID: 6057131068820224328, guid: 0288c21137b2ec0478b70703a94fe828,
        type: 3}
      propertyPath: m_LocalRotation.w
      value: 1
      objectReference: {fileID: 0}
    - target: {fileID: 6057131068820224328, guid: 0288c21137b2ec0478b70703a94fe828,
        type: 3}
      propertyPath: m_RootOrder
      value: 1
      objectReference: {fileID: 0}
    - target: {fileID: 6057131068820224328, guid: 0288c21137b2ec0478b70703a94fe828,
        type: 3}
      propertyPath: m_LocalEulerAnglesHint.x
      value: 0
      objectReference: {fileID: 0}
    - target: {fileID: 6057131068820224328, guid: 0288c21137b2ec0478b70703a94fe828,
        type: 3}
      propertyPath: m_LocalEulerAnglesHint.y
      value: 0
      objectReference: {fileID: 0}
    - target: {fileID: 6057131068820224328, guid: 0288c21137b2ec0478b70703a94fe828,
        type: 3}
      propertyPath: m_LocalEulerAnglesHint.z
      value: 0
      objectReference: {fileID: 0}
    - target: {fileID: 6057131068820224328, guid: 0288c21137b2ec0478b70703a94fe828,
        type: 3}
      propertyPath: m_AnchoredPosition.x
      value: 0
      objectReference: {fileID: 0}
    - target: {fileID: 6057131068820224328, guid: 0288c21137b2ec0478b70703a94fe828,
        type: 3}
      propertyPath: m_AnchoredPosition.y
      value: 0
      objectReference: {fileID: 0}
    - target: {fileID: 6057131068820224328, guid: 0288c21137b2ec0478b70703a94fe828,
        type: 3}
      propertyPath: m_SizeDelta.x
      value: 0
      objectReference: {fileID: 0}
    - target: {fileID: 6057131068820224328, guid: 0288c21137b2ec0478b70703a94fe828,
        type: 3}
      propertyPath: m_SizeDelta.y
      value: 0
      objectReference: {fileID: 0}
    - target: {fileID: 6057131068820224328, guid: 0288c21137b2ec0478b70703a94fe828,
        type: 3}
      propertyPath: m_AnchorMin.x
      value: 0
      objectReference: {fileID: 0}
    - target: {fileID: 6057131068820224328, guid: 0288c21137b2ec0478b70703a94fe828,
        type: 3}
      propertyPath: m_AnchorMin.y
      value: 0
      objectReference: {fileID: 0}
    - target: {fileID: 6057131068820224328, guid: 0288c21137b2ec0478b70703a94fe828,
        type: 3}
      propertyPath: m_AnchorMax.x
      value: 0
      objectReference: {fileID: 0}
    - target: {fileID: 6057131068820224328, guid: 0288c21137b2ec0478b70703a94fe828,
        type: 3}
      propertyPath: m_AnchorMax.y
      value: 0
      objectReference: {fileID: 0}
    - target: {fileID: 6057131068820224328, guid: 0288c21137b2ec0478b70703a94fe828,
        type: 3}
      propertyPath: m_Pivot.x
      value: 0
      objectReference: {fileID: 0}
    - target: {fileID: 6057131068820224328, guid: 0288c21137b2ec0478b70703a94fe828,
        type: 3}
      propertyPath: m_Pivot.y
      value: 0
      objectReference: {fileID: 0}
    m_RemovedComponents: []
  m_SourcePrefab: {fileID: 100100000, guid: 0288c21137b2ec0478b70703a94fe828, type: 3}
--- !u!224 &1470233082 stripped
RectTransform:
  m_CorrespondingSourceObject: {fileID: 6057131068820224328, guid: 0288c21137b2ec0478b70703a94fe828,
    type: 3}
  m_PrefabInstance: {fileID: 6057131067505311922}
  m_PrefabAsset: {fileID: 0}
--- !u!224 &245031604 stripped
RectTransform:
  m_CorrespondingSourceObject: {fileID: 6057131067599086086, guid: 0288c21137b2ec0478b70703a94fe828,
    type: 3}
  m_PrefabInstance: {fileID: 6057131067505311922}
  m_PrefabAsset: {fileID: 0}
--- !u!114 &872262024 stripped
MonoBehaviour:
  m_CorrespondingSourceObject: {fileID: 6057131067282729274, guid: 0288c21137b2ec0478b70703a94fe828,
    type: 3}
  m_PrefabInstance: {fileID: 6057131067505311922}
  m_PrefabAsset: {fileID: 0}
  m_GameObject: {fileID: 0}
  m_Enabled: 1
  m_EditorHideFlags: 0
  m_Script: {fileID: 708705254, guid: f70555f144d8491a825f0804e09c671c, type: 3}
  m_Name: 
  m_EditorClassIdentifier: 
--- !u!114 &732629200 stripped
MonoBehaviour:
  m_CorrespondingSourceObject: {fileID: 6057131067142834274, guid: 0288c21137b2ec0478b70703a94fe828,
    type: 3}
  m_PrefabInstance: {fileID: 6057131067505311922}
  m_PrefabAsset: {fileID: 0}
  m_GameObject: {fileID: 0}
  m_Enabled: 1
  m_EditorHideFlags: 0
  m_Script: {fileID: 708705254, guid: f70555f144d8491a825f0804e09c671c, type: 3}
  m_Name: 
  m_EditorClassIdentifier: 
--- !u!1 &2011801167 stripped
GameObject:
  m_CorrespondingSourceObject: {fileID: 6057131068288050941, guid: 0288c21137b2ec0478b70703a94fe828,
    type: 3}
  m_PrefabInstance: {fileID: 6057131067505311922}
  m_PrefabAsset: {fileID: 0}
--- !u!114 &1261249292 stripped
MonoBehaviour:
  m_CorrespondingSourceObject: {fileID: 6057131068762235838, guid: 0288c21137b2ec0478b70703a94fe828,
    type: 3}
  m_PrefabInstance: {fileID: 6057131067505311922}
  m_PrefabAsset: {fileID: 0}
  m_GameObject: {fileID: 0}
  m_Enabled: 1
  m_EditorHideFlags: 0
  m_Script: {fileID: 708705254, guid: f70555f144d8491a825f0804e09c671c, type: 3}
  m_Name: 
  m_EditorClassIdentifier: 
--- !u!1 &1353225941 stripped
GameObject:
  m_CorrespondingSourceObject: {fileID: 6057131068837566055, guid: 0288c21137b2ec0478b70703a94fe828,
    type: 3}
  m_PrefabInstance: {fileID: 6057131067505311922}
  m_PrefabAsset: {fileID: 0}
--- !u!1001 &7927001464457258161
PrefabInstance:
  m_ObjectHideFlags: 0
  serializedVersion: 2
  m_Modification:
    m_TransformParent: {fileID: 1132592655}
    m_Modifications:
    - target: {fileID: 7927001464332871694, guid: c267367006d16074f87547a86369d83c,
        type: 3}
      propertyPath: m_Name
      value: playswapn
      objectReference: {fileID: 0}
    - target: {fileID: 7927001464332871793, guid: c267367006d16074f87547a86369d83c,
        type: 3}
      propertyPath: m_LocalPosition.x
      value: -318.52
      objectReference: {fileID: 0}
    - target: {fileID: 7927001464332871793, guid: c267367006d16074f87547a86369d83c,
        type: 3}
      propertyPath: m_LocalPosition.y
      value: -544.01
      objectReference: {fileID: 0}
    - target: {fileID: 7927001464332871793, guid: c267367006d16074f87547a86369d83c,
        type: 3}
      propertyPath: m_LocalPosition.z
      value: 0.21707755
      objectReference: {fileID: 0}
    - target: {fileID: 7927001464332871793, guid: c267367006d16074f87547a86369d83c,
        type: 3}
      propertyPath: m_LocalRotation.x
      value: -0
      objectReference: {fileID: 0}
    - target: {fileID: 7927001464332871793, guid: c267367006d16074f87547a86369d83c,
        type: 3}
      propertyPath: m_LocalRotation.y
      value: -0
      objectReference: {fileID: 0}
    - target: {fileID: 7927001464332871793, guid: c267367006d16074f87547a86369d83c,
        type: 3}
      propertyPath: m_LocalRotation.z
      value: -0
      objectReference: {fileID: 0}
    - target: {fileID: 7927001464332871793, guid: c267367006d16074f87547a86369d83c,
        type: 3}
      propertyPath: m_LocalRotation.w
      value: 1
      objectReference: {fileID: 0}
    - target: {fileID: 7927001464332871793, guid: c267367006d16074f87547a86369d83c,
        type: 3}
      propertyPath: m_RootOrder
      value: 0
      objectReference: {fileID: 0}
    - target: {fileID: 7927001464332871793, guid: c267367006d16074f87547a86369d83c,
        type: 3}
      propertyPath: m_LocalEulerAnglesHint.x
      value: 0
      objectReference: {fileID: 0}
    - target: {fileID: 7927001464332871793, guid: c267367006d16074f87547a86369d83c,
        type: 3}
      propertyPath: m_LocalEulerAnglesHint.y
      value: 0
      objectReference: {fileID: 0}
    - target: {fileID: 7927001464332871793, guid: c267367006d16074f87547a86369d83c,
        type: 3}
      propertyPath: m_LocalEulerAnglesHint.z
      value: 0
      objectReference: {fileID: 0}
    m_RemovedComponents: []
  m_SourcePrefab: {fileID: 100100000, guid: c267367006d16074f87547a86369d83c, type: 3}
--- !u!1 &427166911 stripped
GameObject:
  m_CorrespondingSourceObject: {fileID: 7927001464332871694, guid: c267367006d16074f87547a86369d83c,
    type: 3}
  m_PrefabInstance: {fileID: 7927001464457258161}
  m_PrefabAsset: {fileID: 0}
--- !u!4 &427166912 stripped
Transform:
  m_CorrespondingSourceObject: {fileID: 7927001464332871793, guid: c267367006d16074f87547a86369d83c,
    type: 3}
  m_PrefabInstance: {fileID: 7927001464457258161}
  m_PrefabAsset: {fileID: 0}
